
@article{Antoszewski2014,
    author = "Antoszewski, M.",
    title = "Funkcjonowanie kanału kursowego oraz siła efektu pass-through w gospodarkach wschodzących: przypadek Polski, Czech i Węgier.",
    year = "2014",
    journal = "Bank i kredyt",
    volume = "45",
    number = "3",
    pages = "225-266",
    publisher = "Narodowy Bank Polski"
}

@article{BenCheikh2012,
    author = "Ben Cheikh, N.",
    title = "Asymmetric exchange rate pass-through in the euro area: new evidence from smooth transition models",
    year = "2012",
    journal = "Open-Assessment E-Journal Discussion Paper",
    volume = "6",
    number = "2012-36",
    publisher = "Economics, The Open-Access"
}

@article{BenCheikh2018,
    author = "Ben Chiekh, N. and Ben Zaied, Y. and Bouzgarrou, H. and Nguyen, P.",
    title = "Nonlinear Exchange rate pass-through: does business cycle matter?",
    year = "2018",
    journal = "Journal of Economic Integration",
    volume = "33",
    number = "2",
    pages = "1234-1260"
}

@article{BenCheikh2017,
    author = "Ben Cheikh, N. and Rault, C.",
    title = "Investigating first-stage exchange rate pass-through: Sectoral and macro evidence from euro area countries",
    year = "2017",
    journal = "The World Economy",
    volume = "40",
    number = "12",
    pages = "2611-2638"
}

@article{CampaGoldberg2005,
    author = "Campa, J. M. and Goldberg, L. S.",
    title = "Exchange rate pass-through to import prices",
    year = "2005",
    journal = "The Review of Economics and Statistics",
    volume = "87",
    number = "4",
    pages = "679-690"
}

@article{CampaGoldbergGonzalez2005,
    author = "Campa, J. M. and Goldberg, L. S. and Gonz\'alez-M\'inguez, J.",
    title = "Exchange-rate pass-through to import prices in the euro area",
    year = "2005",
    journal = "NBER Working Paper",
    number = "11632",
    publisher = "National Bureau of Economic Research"
}

@article{ChmielewskiEtAl2018,
    author = "Chmielewski, T. and Kapuściński, M. and Kocięcki, A. and Łyziak, T. and Przystupa, J. and Stanisławska, E. and Wróbel, E.",
    title = "Mechanizm transmisji polityki pieniężnej w Polsce. Stan wiedzy w 2017 roku",
    year = "2018",
    journal = "Materiały i Studia",
    address = "Warszawa",
    number = "330",
    publisher = "Narodowy Bank Polski"
}

@article{ChmielewskiEtAl2020,
    author = "Chmielewski, T. and Kocięcki, A. and Łyziak, T. and Przystupa, J. and Stanisławska, E. and Walerych, M. and Wróbel, E.",
    title = "Mechanizm transmisji polityki pieniężnej w Polsce. Stan wiedzy w 2019 roku",
    year = "2020",
    journal = "Materiały i Studia",
    address = "Warszawa",
    number = "337",
    publisher = "Narodowy Bank Polski"
}

@article{Cholewiński2008,
    author = "Cholewiński, R.",
    title = "Wpływ zmian kursu walutowego na dynamikę procesów inflacyjnych",
    year = "2008",
    journal = "Materiały i Studia",
    number = "226",
    publisher = "Narodowy Bank Polski"
}

@article{Choudhri2006,
    author = "Choudhri, E. and Hakura, D.",
    title = "Exchange rate pass-through to domestic prices: Does the inflationary environment matter?",
    year = "2006",
    journal = "Journal of International Money and Finance",
    volume = "25",
    pages = "614-639"
}

@article{ColavecchioRubene2020,
    author = "Colavecchio, R. and Rubene, I.",
    title = "Non-linear exchange rate pass-through to euro area inflation: a local projection approach",
    year = "2020",
    journal = "ECB Working Paper",
    number = "2362",
    address = "Frankfurt am Main"
}

@book{Copeland2014,
    author = "Copeland, L.",
    title = "Exchange Rates \& International Finance",
    year = "2014",
    edition = "6",
    publisher = "Trans-Atlantic Publications"
}

@article{Dawe1990,
    author = "Dawe, S. A.",
    title = "Reserve Bank of New Zealand Act 1989",
    year = "1990",
    volume = "53",
    number = "1",
    publisher = "Reserve Bank of New Zealand Bulletin"
}

@article{DemchukEtAl2012,
    author = "Demchuk, O. and Łyziak, T. and Przystupa, J. and Sznajderska, A. and Wróbel, E.",
    title = "Mechanizm transmisji polityki pieniężnej w Polsce. Co wiemy w 2011 roku?",
    year = "2012",
    journal = "Materiały i Studia",
    number = "270",
    publisher = "Narodowy Bank Polski",
    address = "Warszawa"
}

@article{DiezDeMedina2009,
    author = "Diez de Medina, R. and Bratanova, L. and Strauss-Kahn, D. and Badiee, S. and Giovannini, E. and Radermacher, W.",
    title = "Export and Import Price Index Manual: Theory and Practice",
    year = "2009",
    publisher = "International Monetary Fund"
}

@article{GhoshWolf2001,
    author = "Ghosh, A. and Wolf, H.",
    title = "Imperfect Exchange Rate Passthrough: Strategic Pricing and Menu Costs",
    year = "2001",
    journal = "CESifo Working Paper",
    number = "436"
}

@article{GoldbergKnetter1997,
    author = "Goldberg, P. K. and Knetter, M. M.",
    title = "Goods Prices and Exchange Rates: What Have We Learned?",
    year = "1997",
    journal = "Journal of Economic Literature",
    volume = "35",
    number = "3"
}

@article{Gopinath2016,
    author = "Gopinath, G. and Boz, E. and Casas, C. and D\'iez, F. J. and Gourinchas, P. O. and Plagborg-M\o{}ller, M.",
    title = "Dominant Currency Paradigm",
    year = "2016",
    journal = "NBER Working Paper",
    number = "22943",
    publisher = "National Bureau of Economic Research"
}

@article{Kapuscinski2014,
    author = "Kapuściński, M. and Łyziak, T. and Przystupa, J. and Stanisławska, E. and Sznajderska, A. and Wróbel, E.",
    title = "Mechanizm transmisji polityki pieniężnej w Polsce. Co wiemy w 2013 roku?",
    year = "2014",
    journal = "Materiały i Studia",
    number = "306",
    publisher = "Narodowy Bank Polski"
}

@article{Kapuscinski2016,
    author = "Kapuściński, M. and Kocięcki, A. and Kowalczyk, H. and Łyziak, T. and Przystupa, J. and Stanisławska, E. and Sznajderska, A. and Wróbel, E.",
    title = "Mechanizm transmisji polityki pieniężnej w Polsce. Co wiemy w 2015 roku?",
    year = "2016",
    journal = "Materiały i Studia",
    number = "323",
    publisher = "Narodowy Bank Polski"
}

@book{InternationalEconomics,
    author = "Krugman, Paul R. and Obstfeld, Maurice and Melitz, Marc J.",
    title = "International Economics: Theory and Policy",
    year = "2018",
    edition = "13",
    publisher = "Pearson Education"
}

@article{Lafleche1997,
    author = "Lafl\`eche, T.",
    title = "The impact of exchange rate movements on consumer prices",
    year = "1997",
    journal = "Bank of Canada Review",
    volume = "1997",
    publisher = "Bank of Canada"
}

@article{Levy1997,
    author = "Levy, D. and Bergen, M. and Dutta, S. and Venable, R.",
    title = "The Magnitude of Menu Costs: Direct Evidence from Large U.S. Supermarket Chains",
    year = "1997",
    journal = "The Quarterly Journal of Economics",
    volume = "112",
    number = "3"
}

@article{LinWu2012,
    author = "Lin, P. C. and Wu, C. S.",
    title = "Exchange rate pass-through in deflation: The case of Taiwan",
    year = "2012",
    journal = "International Review of Economics and Finance",
    volume = "22",
    pages = "101-111"
}

@article{LopezVillavicencio2016,
    author = "López-Villavicencio, A. and Mignon, V.",
    title = "Exchange rate pass-through in emerging countries: Do the inflation environment, monetary policy and institutional quality matter?",
    year = "2016",
    journal = "EconomiX Working Papers",
    number = "2016-18",
    publisher = "University of Paris Nanterre"
}

@article{McCarthy1999,
    author = "McCarthy, J.",
    title = "Pass-Through of Exchange Rates and Import Prices to Domestic Inflation in some Industrialised Economies",
    year = "1999",
    journal = "BIS Working Paper",
    number = "79",
    publisher = "Bank for International Settlements"
}

@article{MeeseRogoff1983,
    author = "Meese, R. A. and Rogoff, K.",
    title = "Empirical Exchange Rate Models of the Seventies: Do They Fit Out of Sample?",
    year = "1983",
    journal = "Journal of International Economics",
    volume = "14",
    pages = "3-24"
}

@book{Menon1996,
    author = "Menon, J.",
    title = "Exchange Rates and Prices: The Case of Australian Manufactured Imports",
    year = "1996",
    publisher = "Springer",
    address = "Australia"
}

@article{Parker2016,
    author = "Parker, M. I.",
    title = "How Exporters Set Prices: Evidence from a Large Behavioural Survey",
    year = "2016",
    journal = "ECB Working Paper",
    number = "1974",
    publisher = "European Central Bank"
}

@article{PollardCoughlin2004,
    author = "Pollard, P. S. and Coughlin, C. C.",
    title = "Size Matters: Asymmetric Exchange Rate Pass-Through at the Industry Level",
    year = "2004",
    journal = "University of Nottingham Research Paper",
    number = "2004/13",
    publisher = "University of Nottingham"
}

@article{PrzystupaWrobel2009,
    author = "Przystupa, J. and Wróbel, E.",
    title = "Asymmetry of the exchange rate pass-through: an exercise on the Polish data",
    year = "2009",
    journal = "Eastern European Economics",
    volume = "49",
    number = "1"
}

@article{Talar2012,
    author = "Talar, S.",
    title = "Wewnątrzgałęziowa wymiana handlowa Polski w warunkach integracji",
    year = "2012",
    journal = "Studia Ekonomiczne",
    number = "123",
    publisher = "Uniwersytet Ekonomiczny w Katowicach",
    pages = "199-212"
}

@article{Taylor2000,
    author = "Taylor, J. B.",
    title = "Low Inflation, Pass-Through and the Pricing Power of Firms",
    year = "2000",
    journal = "European Economic Review",
    volume = "44",
    pages = "1389-1408"
}

@article{VegaWinkelried2005,
    author = "Vega, M. and Winkelried, D.",
    title = "Inflation Targeting and Inflation Behaviour: A Successful Story?",
    year = "2005",
    journal = "International Journal of Central Banking",
    volume = "1",
    number = "3"
}

@book{Wickens2008,
    author = "Wickens, M.",
    title = "Macroeconomic Theory: A Dynamic General Equilibrium Approach",
    year = "2008",
    edition = "1",
    publisher = "Priceton University Press",
    address = "Priceton"
}

@article{Wozniak2014,
    author = "Woźniak, A.",
    title = "Przenoszenie zmian kursu walutowego na inflację w Polsce",
    year = "2014",
    journal = "Bank i Kredyt",
    volume = "45",
    number = "6",
    publisher = "Narodowy Bank Polski",
    pages = "537-556"
}

